@article{gerlach,
    author    = "Jan Gerlach and Urs Gasser",
    title     = "Three Case Studies from Switzerland: E-Voting",
    url       = "http://cyber.law.harvard.edu/sites/cyber.law.harvard.edu/files/Gerlach-Gasser_SwissCases_Evoting.pdf",
    year      = "2009",
    journaltitle = "Berkman Center Research Publication"
}
@online{corteBrasil,
    author    = "Corte Electoral Superior de Brasil",
    title     = "The Electronic Ballot Box History",
    url       = "http://english.tse.jus.br/electronic-voting/the-electronic-ballot-box-history"
}
@online{ndi,
    author    = "National Democratic Institute",
    title     = "Electronic Voting and Counting Around The World",
    url       = "https://www.ndi.org/e-voting-guide/electronic-voting-and-counting-around-the-world"
}
@online{davtyan,
    author    = "Seda Davtyan, Aggelos Kiayias",
    title     = "Integrity of Electronic Voting Systems: Fallacious Use of Cryptography",
    url       = "http://www.engr.uconn.edu/~sad06005/pubs/Conference/sac12.pdf",
    year      = "2012"
}
@online{usatoday,
    author    = "USA Today",
    title     = "More than 4,500 North Carolina votes lost because of mistake in voting machine capacity",
    url       = "http://usatoday30.usatoday.com/news/politicselections/vote2004/2004-11-04-votes-lost_x.htm",
    year      = "2004",
    month     = "5"
}
@online{davtyan:2007,
    author    = "Seda Davtyan, Sotiris Kentros, Aggelos Kiayias",
    title     = "Pre-Election Testing and Post-Election Audit of Optical Scan Voting Terminal Memory Cards",
    url       = "https://www.usenix.org/legacy/events/evt08/tech/full_papers/davtyan/davtyan_html/index.html",
    year      = "2007"
}
@online{itba,
    author    = "Instituto Tecnológico de Buenos Aires",
    title     = "Auditoría de Sistema de Votación Electrónica 2015 para la Defensoría del Pueblo de la C.A.B.A.",
    url       = "http://www.defensoria.org.ar/wp-content/uploads/2015/06/InformeAudotoriaVotoElectronico.pdf",
    year      = "2015"
}
@online{aranha,
    author    = "Diego F. Aranha, Marcelo Monte Karam",
    title     = "Software vulnerabilities in the Brazilian voting machine",
    url       = "https://ivan.barreraoro.com.ar/wp-content/uploads/2015/09/Software-vulnerabilities-in-the-Brazilian-voting-machine.pdf",
    year      = "2013"
}
@online{schneier,
    author    = "Bruce Schneier",
    title     = "An Incredibly Insecure Voting Machine",
    url       = "https://www.schneier.com/blog/archives/2015/04/an_incredibly_i.html",
    year      = "2015"
}
@online{smartmatic,
    author    = "Smartmatic",
    title     = "Hardware",
    url       = "http://www.smartmatic.com/voting/hardware/"
}
@online{smartmatic:cordoba,
    author    = "Smartmatic",
    title     = "Elecciones Argentina (Córdoba) 2015",
    url       = "http://www.smartmatic.com/es/experiencia/articulo/elecciones-argentina-cordoba-2015/"
}
@online{vita,
    author = "Michael Watson",
    organization = "Virginia Information Technologies Agency",
    title     = "Security assessment of winvote voting equipment for department of elections",
    url       = "http://elections.virginia.gov/WebDocs/VotingEquipReport/WINVote-final.pdf",
    year      = "2015"
}
@online{india,
    author    = "Scott Wolchok, Hari K. Prasad, Rop Gonggrijp",
    title     = "Security Analysis of India’s Electronic Voting Machines",
    url       = "https://jhalderm.com/pub/papers/evm-ccs10.pdf",
    year      = "2010"
}
@online{multivoto,
    author    = "Alfredo Ortega, Ivan Ariel Barrera Oro, Enrique Chaparro",
    title     = "Ataque a sistema de voto electrónico Vot.Ar (BUE) permite sumar multiples votos con una sola boleta",
    url       = "https://docs.google.com/document/d/1aH6kvoLR8O1qWOpEz89FAB2xFcBNB-QqHgZpXxg0vGE/preview",
    year      = "2015"
}
@online{nmap,
    author    = "NMap.org",
    title     = "Port Scanning Techniques",
    url       = "https://nmap.org/book/man-port-scanning-techniques.html"
}
@online{nessus,
    author    = "Página empresarial",
    title     = "Nessus Vulnerability Scanner",
    url       = "http://www.tenable.com/products/nessus-vulnerability-scanner"
}
@online{votar,
    author    = "Francisco Amato, Iván A. Barrera Oro, Enrique Chaparro",
    title     = "Vot.Ar: una mala elección",
    url       = "http://ivan.barreraoro.com.ar/vot-ar-una-mala-eleccion/"
}
@online{smaldone,
    author    = "Javier Smaldone",
    title     = "El día que el sistema de voto electrónico Vot.Ar fue vulnerado",
    url       = "https://blog.smaldone.com.ar/2016/05/03/el-dia-que-el-sistema-de-voto-electronico-vot-ar-fue-vulnerado/",
    year      = "2016"
}
@online{smaldone:chip,
    author    = "Javier Smaldone",
    title     = "Sobre el chip RFID de la “boleta única electrónica”",
    url       = "https://blog.smaldone.com.ar/2016/01/08/sobre-el-chip-rfid-de-la-boleta-unica-electronica/",
    year      = "2016"
}
@online{oren:2012,
    author    = "Yossef Oren, Dvir Schirman, and Avishai Wool",
    title     = "RFID Jamming and Attacks on Israeli e-Voting",
    url       = "https://iss.oy.ne.ro/e-Voting-Jamming.pdf",
    year      = "2012"
}
@online{oren:2010,
    author    = "Yossef Oren and Avishai Wool",
    title     = "RFID-Based Electronic Voting: What Could Possibly Go Wrong?",
    url       = "http://www.eng.tau.ac.il/~yash/evoting-relay-rfid2010.pdf",
    year      = "2010"
}
@online{wiki:relay,
    author    = "Wikipedia community",
    title     = "Relay attack",
    url       = "https://en.wikipedia.org/wiki/Relay_attack"
}
@online{e-lected,
    author    = "E-lected",
    title     = "The implementation of e-voting in Israel: the need for openness in the process of election automation",
    url       = "http://e-lected.blogspot.com.ar/2013/03/the-implementation-of-e-voting-in.html?m=1",
    year      = "2013"
}
@online{holanda,
    author    = "Rop Gonggrijp, Willem-Jan Hengeveld",
    title     = "Nedap/Groenendaal ES3B voting computer: a security analysis",
    url       = "http://wijvertrouwenstemcomputersniet.nl/images/9/91/Es3b-en.pdf",
    year      = "2006"
}
@online{postElection,
    author    = "Verified Voting",
    title     = "Post Election Audits",
    url       = "https://www.verifiedvoting.org/resources/post-election-audits/",
    year      = "2009"
}
@online{preElection,
    author    = "Seda Davtyan, Sotiris Kentros, Aggelos Kiayias",
    title     = "Pre-Election Testing and Post-Election Audit of Optical Scan Voting Terminal Memory Cards (Sección 1.1)",
    url       = "https://www.usenix.org/legacy/events/evt08/tech/full_papers/davtyan/davtyan_html/index.html",
    year      = "2008"
}
@online{righetti,
    author    = "Claudio Enrique Righetti",
    title     = "Observaciones del sistema de voto con boleta única electrónica (BUE) para las elecciones generales al martes 23/06/2015",
    url       = "https://www.eleccionesciudad.gob.ar/uploads/resoluciones/OAT-06252015201406.pdf",
    year      = "2015"
}
@article{star,
    author    = "Susan Bell, Josh Benaloh, Michael D. Byrne",
    title     = "STAR-Vote: A Secure, Transparent, Auditable, and Reliable Voting System",
    url       = "https://www.usenix.org/system/files/conference/evtwote13/jets-0101-bell.pdf",
    year      = "2013",
    journaltitle = "USENIX Journal of Election Technology and Systems (JETS)"
}
@article{scantegrity,
    author    = "David Chaum, Richard T. Carback, Jeremy Clark",
    title     = "Scantegrity II: End-to-End Verifiability by Voters of Optical Scan Elections Through Confirmation Codes",
    url       = "https://people.csail.mit.edu/rivest/pubs/CCCEx09.pdf",
    year      = "2009",
    journaltitle = "IEEE TRANSACTIONS ON INFORMATION FORENSICS AND SECURITY"
}
@article{usability,
    author    = "Claudia Z. Acemyan, Philip Kortum, Michael D. Byrne",
    title     = "Usability of Voter Verifiable, End-to-end Voting Systems: Baseline Data for Helios, Prêt à Voter, and Scantegrity II",
    url       = "https://www.usenix.org/system/files/conference/evtwote14/jets_0203-acemyan.pdf",
    year      = "2014",
    journaltitle = "USENIX Journal of Election Technology and Systems (JETS)"
}
@online{indianExpress,
    author    = "PTI Agency",
    title     = "2019 general elections to have paper-trail EVMs: CEC",
    url       = "http://indianexpress.com/article/india/india-news-india/2019-general-elections-paper-trail-evms-cec/",
    year      = "2016"
}
@online{nevada,
    author    = "Rachel Konrad, Associated Press",
    title     = "'Paper trail' voting system used in Nevada",
    url       = "http://www.nbcnews.com/id/5937115/",
    year      = "2004"
}
@online{saltman,
    author    = "Roy G. Saltman",
    title     = "Independent Verification: Essential Action to Assure Integrity in the Voting Process",
    url       = "http://www.votetrustusa.org/pdfs/saltman.pdf",
    year      = "2006"
}
@online{stanfordNews,
    author    = "Dawn Levy, Stanford News Service",
    title     = "Computerized voting systems pose unacceptable risks unless they provide a voter-verifiable audit trail, technologists warn",
    url       = "http://news.stanford.edu/pr/03/dill25.html",
    year      = "2003"
}
@online{kelsey,
    author    = "John Kelsey, Andrew Regenscheid, Tal Moran",
    title     = "Attacking Paper-Based E2E Voting Systems",
    url       = "https://talmoran.net/papers/KRMC10-attackvote.pdf"
}
@online{haaretz,
    author    = "HAARETZ"
    title     = "Technichal glitches highlight the disadvantages of computerized voting"
    url       = "http://www.haaretz.com/news/israel/technichal-glitches-highlight-the-disadvantages-of-computerized-voting.premium-1.480505"
}
@online{haaretz2,
    author    = "HAARETZ"
    title     = "Labor Sets Primary for Tomorrow After Computer Failure"
    url       = "http://www.haaretz.com/labor-sets-primary-for-tomorrow-after-computer-failure-1.258707"
}
@online{hopkins,
    author    = "Prashanth P. Bungale and Swaroop Sridhar, The Johns Hopkins University"
    title     = "Requirements for an Electronic Voting System"
    url       = "http://www.cs.jhu.edu/~rubin/courses/sp03/group-reports/group4/group4_requirements.pdf"
}
@online{name,
    author    = "",
    title     = "",
    url       = "",
    year      = ""
}
